2670 5152
517 829 569 899 44

5 1046 11 1073 ι
56 1014 120 1081 'sse
136 1011 345 1081 Aristotelem
364 1020 468 1099 putat,
491 1033 550 1078 neo
572 1011 652 1079 sotis
669 1017 764 1077 eante
784 1012 904 1081 senisse
918 1012 1008 1101 quod
1029 1034 1091 1081 ne·

0 1126 115 1195 lectis
137 1125 289 1193 similium
313 1122 543 1210 repetitionum
563 1144 647 1209 quae
671 1122 724 1189 lrio
746 1122 815 1191 illio
829 1124 919 1212 apud
939 1130 1092 1193 noem

7 1249 178 1305 ocurrunt
200 1236 347 1323 vestigiis
376 1245 497 1302 certam
525 1234 643 1321 eapitis
672 1245 800 1321 partem
822 1235 1004 1305 Aristotele
1023 1260 1093 1305 non

2 1350 166 1437 'ndignam
182 1347 410 1435 interpolatori
426 1345 592 1433 assignare
608 1370 706 1435 posse
721 1347 784 1415 sibi
799 1348 889 1419 vissus
903 1360 966 1419 est.
988 1372 1093 1437 qnare

9 1483 66 1530 σο
89 1462 288 1529 reticendam
312 1482 384 1527 esse
405 1482 509 1525 meam
524 1460 713 1546 opinionem
727 1462 850 1548 oensni,
873 1461 929 1530 obi
943 1462 1093 1531 Noetelii

5 1574 252 1661 ·'spntationem
281 1572 430 1658 cognovi.
481 1570 557 1637 huie
586 1595 677 1639 meae
705 1574 885 1641 sententiae
914 1574 1092 1643 oonlirms·

13 1685 120 1751 ionem
149 1684 236 1750 hand
272 1684 421 1770 exiguam
455 1680 570 1750 afferre
603 1684 738 1750 aliorum
772 1682 910 1753 duorum
942 1684 1094 1753 looorom

3 1796 141 1863 similem
170 1795 328 1863 medelam
359 1794 573 1882 flagitantium
601 1796 795 1863 ιιοοιιιίοιιο
816 1796 851 1862 in
873 1798 1019 1865 animum
1038 1796 1094 1863 in-

23 1933 167 1979 uxeram.
212 1909 271 1977 sed
293 1908 450 1996 temporis
472 1908 631 1994 angustiis
654 1909 718 1975 iam
740 1910 839 1977 linem
860 1910 969 1979 iaoere
991 1908 1093 1977 haim

0 2023 254 2111 =oriptiunoulae
276 2034 411 2088 conotus
434 2019 475 2085 de
498 2019 549 2086 his
572 2020 825 2108 disputationem
848 2043 935 2089 nune
956 2018 1093 2109 quidem

6 2136 149 2201 mittere
173 2157 210 2199 ao
234 2132 363 2198 differre
386 2131 418 2195 in
442 2131 529 2197 aliod
552 2142 680 2220 tempos
702 2132 780 2199 mihi
802 2133 916 2203 licente
945 2133 1094 2203 suffinae

6 2259 33 2312 ·t
55 2245 255 2332 significasse
279 2242 379 2308 looos.
402 2254 544 2308 —sunt
567 2256 672 2312 autern
695 2246 745 2311 hi:
774 2244 830 2314 lib.
846 2244 932 2332 vn,
960 2246 1093 2335 asp-5,

6 2391 28 2426 ι
47 2357 131 2422 1146
153 2355 231 2420 624
254 2377 356 2439 nsque
380 2352 421 2418 ad
444 2357 577 2439 p.1147
602 2356 622 2422 b
646 2358 685 2422 19
707 2367 741 2424 et
764 2357 930 2443 lib.an
953 2380 1027 2444 esp.
1046 2358 1088 2423 15

19 2493 99 2557 sque
115 2468 156 2532 ad
173 2465 228 2531 lib.
241 2464 303 2548 IX,
321 2488 391 2551 cap.
408 2468 434 2546 1,
452 2490 481 2551 p.
498 2469 574 2534 1161
592 2469 665 2534 ast
682 2494 785 2557 usqne
804 2471 846 2536 ad
863 2494 893 2557 p.
911 2472 993 2537 1164
1009 2469 1082 2537 btt

65 2594 98 2649 et
121 2576 308 2666 speciminis
331 2576 432 2641 instar
454 2579 573 2664 prioris
595 2603 706 2646 eornm
729 2581 827 2647 rerba
848 2582 1009 2667 quaedam
1032 2606 1090 2651 ex·

5 2695 144 2763 eribere
163 2702 258 2774 atque
271 2687 453 2756 emendare.
479 2689 629 2776 leguntur
645 2691 730 2757 enim
745 2715 776 2778 p.
789 2692 871 2764 1146
883 2693 904 2758 b
916 2694 958 2759 24
973 2693 1092 2761 haeses

46 2808 123 2888 περὶ
144 2798 207 2884 μὲν
229 2781 289 2865 σόν
310 2800 370 2864 τοῦ
392 2797 489 2878 δόξαν
511 2796 626 2888 ἀληθῆ
644 2798 728 2869 olto
742 2802 788 2891 μή
806 2800 991 2892 ἐπιστήμην
1004 2792 1089 2872 εἶναι

43 2912 121 2999 πάρ’
149 2911 191 3001 ἣν
212 2908 455 2997 άκρατεόοντσι,
479 2908 584 2978 οὐδὲν
611 2914 761 2999 διαφέρει
790 2913 872 3000 πρὸς
894 2914 1089 2999 τὸνλόγον·

40 3029 122 3098 ἔνιοι
149 3025 209 3108 γάρ
236 3027 301 3090 τῶν
329 3023 528 3104 δοξαζόντων
556 3020 596 3088 ori
619 3023 834 3108 διατάξουσιν,
861 3023 934 3092 ἀλλ’
963 3026 1088 3095 οἴονται

42 3137 179 3228 ἀκριβῶς
200 3138 328 3206 εἶδόναι.
362 3137 392 3202 εἰ
413 3119 474 3202 οὖν
497 3133 549 3200 διὰ
571 3136 609 3201 τό
631 3133 736 3222 ήρέμο
758 3136 926 3204 πιστεύειν
946 3140 978 3204 οἱ
995 3140 1088 3217 δοξά-

43 3258 150 3333 ζοντες
183 3249 313 3332 μᾶλλον
344 3250 409 3314 τάν
442 3245 666 3329 ἐπισταμένων
700 3248 789 3332 παρὰ
821 3248 882 3339 τήν
913 3246 1090 3339 ὑπόληψιν

43 3361 232 3450 πράξουσιν,
259 3357 365 3426 οὐθὲν
387 3361 500 3425 διοίσει
522 3359 685 3448 ἐπιστήμη
708 3361 818 3450 δόξης“
846 3359 929 3428 ἔνιοι
951 3361 1011 3448 γὰρ
1033 3386 1088 3428 πι-

41 3472 210 3541 στεύουσιν
232 3468 328 3539 οὐδὲν
355 3458 454 3559 ἧττον
482 3462 528 3548 οἷς
555 3472 743 3558 δοξάζουσιν
763 3472 787 3561 ἤ
815 3472 919 3561 ἕτεροι
940 3466 989 3552 οἷς
1009 3471 1087 3543 ἐπό-

42 3608 182 3656 στοντοι.

5 3702 146 3770 naestio
169 3712 229 3784 est,
252 3714 360 3767 utrum
382 3709 498 3767 eontra
520 3702 623 3788 ipsam
639 3702 808 3767 scientiam
824 3700 992 3768 immodici
1006 3724 1085 3788 peo-

17 3826 72 3883 ent
100 3838 140 3879 an
176 3821 288 3880 contra
323 3812 517 3899 opinionem.
569 3834 665 3898 quam
700 3812 780 3877 nihil
812 3812 919 3880 faeere
948 3812 990 3879 ad
1016 3836 1086 3881 rena

11 3925 193 3993 ristoteles
221 3924 360 4009 indicat,
389 3926 540 4010 quoniam
570 3924 758 4013 opinionem
783 3925 946 3993 interdurn
969 3924 1084 3994 eadem

0 4037 175 4120 pertinacia
190 4047 287 4122 atque
302 4036 471 4103 seientiam
483 4035 694 4104 defendamus
711 4049 744 4105 et
758 4037 971 4105 obtineamus.
988 4062 1085 4126 quem

3 4149 229 4215 ntentiarum
252 4171 369 4215 nexum
392 4147 457 4214 duo
475 4148 573 4214 verba
596 4160 707 4236 aperte
729 4151 928 4237 perturbant.
964 4152 1084 4218 etenim

7 4256 106 4328 oola
127 4262 240 4326 διοίσει
264 4257 425 4347 ἐπιστήμη
454 4258 548 4347 δόξης
576 4284 708 4347 prorsus
730 4275 806 4329 sunt
829 4263 933 4328 alieno
956 4264 996 4328 ab
1019 4264 1085 4331 hoo

13 4396 91 4457 oco,
119 4397 208 4455 cunr,
237 4375 262 4439 si
287 4372 417 4459 quidem
440 4373 471 4437 οῖ
493 4372 677 4451 δοξάζοντες
705 4375 830 4441 facilius
854 4375 1007 4444 mollitiae
1035 4378 1084 4443 in·

7 4483 145 4571 ulgent,
169 4485 298 4552 differre
316 4482 499 4572 ἐπιστήμην
513 4483 608 4572 δόξης
623 4486 796 4552 dicendum
815 4499 895 4556 erat.
928 4490 985 4554 sed
1006 4488 1084 4555 nihil
