2670 5152
556 579 771 644 ..52-

85 757 193 842 tradit,
208 755 360 823 rhetorice
368 760 475 820 autem
483 771 582 834 usque
590 749 632 816 ad
642 742 727 832 ἄκοα
740 745 946 832 progreditur.
968 732 1139 810 Praeterea
1150 743 1251 808 rheto-

85 867 150 932 rice
164 864 339 931 omninode
349 861 611 945 eoquodpraeter
623 855 885 922 virtutismodum
897 861 945 919 est
958 854 1087 935 loquuta
1101 852 1135 916 in
1143 870 1180 916 eo
1193 870 1250 914 nu-

85 993 175 1039 mero
203 991 274 1038 esse
295 970 458 1055 profitetur
485 967 607 1051 gratias
627 985 734 1049 agere,
754 963 907 1029 beneficia
928 961 1137 1043 remunerari,
1159 957 1251 1041 adju-

90 1100 167 1146 vare
189 1079 326 1162 amicos,
347 1077 412 1142 alia
432 1077 467 1158 11,
488 1077 537 1139 13.
563 1075 739 1156 131411).
784 1071 847 1136 Sed
875 1092 972 1153 quum
1001 1071 1035 1135 in
1064 1069 1168 1134 ethica
1189 1068 1251 1133 vir·

87 1188 165 1253 tutis
189 1185 410 1250 immoderatio
436 1182 537 1247 virtus
557 1201 621 1245 non
644 1180 701 1262 sit,
723 1179 939 1260 haecomnia,
961 1181 1077 1261 quippe
1101 1196 1184 1258 quae
1204 1177 1251 1240 ni·

88 1294 134 1360 hil
165 1293 254 1359 aliud
282 1300 377 1374 atque
409 1290 540 1354 honesta
565 1289 643 1370 sint,
675 1287 718 1352 ad
746 1287 904 1352 hominem
930 1287 1046 1351 virtute
1075 1283 1252 1369 praeditum

90 1387 304 1467 referuntur.¹
348 1398 526 1477 Utrumque
553 1414 628 1458 vero
664 1414 734 1458 cum
764 1394 936 1459 rhetorices
969 1393 1147 1459 conditione
1181 1412 1251 1456 eon-

91 1507 196 1573 sentit.
231 1506 316 1569 Nam
338 1522 435 1584 quum
456 1500 594 1566 hominis
616 1520 686 1565 cum
709 1501 782 1565 aliis
804 1502 952 1566 societate
974 1508 1005 1565 et
1027 1499 1253 1565 consuetudine

90 1611 250 1695 conjuncti
270 1611 423 1676 habeatur
444 1609 541 1692 ratio,
568 1628 663 1692 saepe
682 1609 753 1673 fieri
775 1615 892 1693 potest,
922 1617 957 1674 ut
978 1610 1060 1674 actio
1080 1607 1253 1690 quaedam,

91 1738 188 1801 quam
215 1718 301 1783 haud
339 1717 403 1783 scio
438 1737 481 1780 an
512 1718 633 1781 ethicus
670 1716 763 1798 quasi
798 1717 1001 1782 temerariam
1032 1715 1253 1800 reprehendat,

36 1896 39 1901 ,
92 1832 298 1910 posteaquam
331 1831 507 1908 temporum
533 1832 564 1889 et
593 1826 731 1889 locorum
760 1824 989 1908 opportunitate
1020 1845 1143 1889 summa
1171 1843 1254 1888 emo-

35 1998 37 2003 ,
91 1931 233 1997 lumenta
266 1932 470 2012 maximaque
517 1931 681 1996 commoda
714 1931 840 2014 attulit,
866 1932 1038 1996 fortissima
1069 1951 1138 1996 esse
1167 1930 1254 2023 vide-

37 2034 40 2039 ’
92 2043 173 2103 atur.
217 2038 259 2102 Et
275 2038 415 2103 vicissim
432 2058 514 2120 quae
535 2058 682 2104 resuere
703 2038 778 2102 forti
799 2059 838 2103 ac
859 2040 1013 2104 constanti
1036 2039 1141 2103 animo
1163 2045 1256 2122 gesta

95 2151 158 2229 est,
172 2148 200 2210 si
222 2144 298 2227 quid
316 2145 496 2210 detrimenti
518 2166 558 2210 ex
580 2166 619 2211 ea
642 2145 763 2229 ceperis
786 2146 905 2211 infelici
927 2165 1013 2228 casu,
1034 2152 1150 2211 temere
1169 2145 1256 2210 sacta

93 2252 217 2319 dieitur.
260 2245 355 2332 Δόξει
382 2276 418 2318 τε
449 2247 510 2338 γὰρ
535 2265 605 2329 τοῖς
633 2257 769 2330 πολλοῖς
792 2255 838 2318 ait
865 2255 1058 2319 Aristotcles
1102 2254 1144 2318 Hi
1170 2253 1256 2318 eninr

35 2414 46 2419 ..
94 2361 250 2434 actionem
273 2380 478 2443 quaeeunque
491 2367 542 2450 uest
564 2380 627 2424 non
646 2361 809 2426 honestate
832 2362 888 2427 sed
910 2369 1023 2426 eventu
1041 2369 1072 2426 et
1094 2361 1256 2427 commodo

37 2514 41 2521 -
95 2469 281 2534 metiuntur:
313 2467 481 2533 suntenim
503 2467 669 2551 ejusmodi,
692 2475 726 2533 ut
747 2489 840 2551 quem
863 2489 920 2535 sua
942 2478 1051 2554 sponte
1072 2469 1158 2535 aliud
1179 2468 1256 2551 quid

95 2577 159 2642 nisi
185 2574 269 2658 quod
295 2575 355 2659 ipsi
387 2576 501 2640 afferat
522 2576 690 2642 utilitatem
712 2576 817 2642 facere
835 2599 898 2642 nou
917 2578 1049 2643 credant
1072 2577 1176 2655 (Rhet.
1197 2576 1257 2660 III,

98 2685 148 2748 16.
181 2684 271 2765 1417,
292 2684 353 2747 35:
383 2676 559 2747 ἀπιστοῦσι
584 2677 645 2767 γὰρ
676 2677 757 2748 ἄλλο
784 2706 817 2748 τι
842 2677 1000 2768 πράττειν
1026 2676 1145 2749 ἑκόντα
1169 2678 1256 2767 πλὴν

45 2828 55 2841 ·
95 2786 136 2857 τὸ
150 2789 341 2876 συμφέρον).
385 2791 496 2871 ltaque
514 2791 654 2855 etiamid
676 2791 760 2872 quod
770 2793 943 2857 honestatis
965 2813 1062 2858 causa
1080 2792 1258 2858 factumest

96 2897 188 2982 quasi
199 2898 282 2963 ultra
301 2897 427 2962 virtutis
444 2896 573 2962 modum
591 2896 748 2980 judicant.
793 2899 914 2981 Itaque,
937 2919 1032 2980 quum
1053 2899 1128 2964 talis
1139 2901 1180 2964 sit
1202 2900 1256 2964 ho

95 3004 192 3071 minis
213 3025 306 3086 quem
319 3004 473 3069 rhetorice
496 3003 640 3088 depingit
662 3004 752 3087 ratio,
775 3005 906 3071 virtutes
917 3007 1090 3071 rationales
1112 3006 1257 3092 (διανοη-

94 3105 204 3197 τικοὶς)
228 3112 469 3177 intervirtutum
483 3110 690 3193 definitiones,
712 3119 843 3197 excepta
855 3114 1032 3197 prudentia,
1053 3115 1166 3180 abesse
1185 3134 1257 3179 con-

95 3225 348 3285 sentaneumest.
392 3217 573 3301 Prudentia,
595 3239 678 3300 quae
692 3227 801 3303 postea
817 3221 995 3286 accuratius
1016 3221 1182 3287 tractanda
1203 3241 1257 3286 nu

42 3352 46 3361 ·
95 3325 145 3392 bis
175 3325 251 3408 erit,
283 3325 423 3390 omnium
451 3345 557 3390 rerum
581 3327 780 3410 agendarum
810 3348 848 3392 ac
871 3327 1021 3393 virtutum
1053 3340 1180 3395 summa¹
1197 3336 1254 3412 est,

94 3450 176 3515 quae
217 3431 344 3512 quidem
390 3432 525 3497 eundem
561 3453 655 3514 quem
699 3433 831 3498 virtutes
871 3436 1008 3500 morales
1048 3438 1080 3501 in
1123 3437 1259 3522 singulis

93 3538 271 3604 actionibus
291 3539 392 3604 locum
426 3540 458 3603 in
485 3540 555 3623 ipsa
578 3539 772 3605 beatitudine
802 3541 930 3607 obtinet.
952 3544 1027 3626 (VI,
1057 3545 1174 3622 dinit.)
1206 3546 1259 3613 ,At

94 3645 194 3728 σοφία
214 3666 296 3727 quae
315 3653 363 3711 cst
381 3638 537 3730 ἕπιςτήμη
558 3647 613 3710 καὶ
636 3649 716 3724 νοῦς
736 3648 803 3730 (VI,
827 3653 855 3712 7.
881 3653 973 3733 1141,
1000 3655 1060 3735 19),
1084 3644 1183 3716 οὐδὲν
1203 3656 1257 3716 θε-

94 3745 222 3837 ωρεῑέξ
242 3739 292 3816 ὦν
313 3750 403 3817 ἔσται
423 3747 588 3836 εὐδαίμων
608 3748 801 3838 ἄνθρωπος,
823 3776 925 3838 neque
948 3758 1031 3823 enim
1054 3780 1118 3841 qua
1137 3760 1258 3825 ratione

94 3858 138 3924 ad
158 3859 284 3924 beatam
298 3860 397 3924 vitam
418 3860 586 3942 pervenias
600 3860 793 3927 demonstrat
811 3862 1036 3950 deliberatque,
1056 3868 1113 3934 sed
1133 3869 1166 3932 in
1189 3888 1259 3934 sese

94 3964 166 4048 ipsa
188 3964 283 4028 habet
305 3965 549 4049 beatitudinem,
579 3987 676 4048 quum
700 3968 769 4053 ipsa
791 3971 947 4054 sapientia
970 3973 1080 4039 beatos
1099 3975 1197 4040 efficit
1217 3976 1257 4041 si-

93 4077 147 4135 cut
169 4070 252 4135 bona
273 4071 421 4135 valetudo
438 4090 541 4137 sanos.
586 4075 655 4158 (Vl,
679 4078 718 4140 13
740 4076 808 4142 init.
829 4099 859 4162 p.
879 4083 971 4164 1144,
993 4084 1013 4145 4
1036 4090 1103 4165 sip).
1147 4084 1258 4165 Itaque

93 4175 252 4259 Thaletes,
286 4177 496 4259 Anaxagoras
522 4180 682 4262 sapientes
720 4192 848 4269 vocant,
879 4207 941 4252 non
967 4190 1151 4274 prudentes,
1177 4181 1259 4256 ὅταν

91 4278 208 4345 ἴδωσιν
233 4274 437 4365 ἀγνοοῦντος
463 4279 504 4347 τὰ
535 4289 740 4371 συμφέρονθ’
762 4284 874 4368 αὐτοῖς
895 4295 948 4357 καὶ
968 4288 1106 4380 asperati
1125 4297 1184 4381 μὲν
1205 4299 1259 4362 καὶ

90 4383 266 4470 θαυμαστὰ
284 4387 338 4450 καὶ
349 4383 474 4471 χαλεπὰ
493 4393 546 4455 καὶ
568 4389 721 4480 δαιμόνια
743 4397 864 4463 εἰδέναι
885 4395 1007 4480 αὐτούς
1028 4422 1139 4485 φασιν,
1163 4399 1260 4492 ἄχρη-

194 4638 206 4671 ³
222 4637 263 4691 Cf.
274 4637 339 4691 Eth.
352 4639 430 4709 VIII,
446 4643 468 4695 1.
481 4643 694 4717 inir.1X,2.1x‚
706 4650 730 4703 5.
746 4652 821 4722 1167,
837 4654 882 4706 lt:
903 4651 918 4704 ὁ
938 4650 988 4722 μὲν
1005 4654 1057 4726 γὰρ
1068 4654 1258 4728 adiuvandae

89 4718 154 4778 ἄνθ
173 4719 211 4778 ὧν
230 4725 372 4781 πέπονθεν
390 4725 522 4800 αἰιονέμοι
538 4733 590 4804 τὴν
608 4733 730 4808 εὔνοιαν,
748 4739 788 4793 τὰ
806 4741 923 4795 δίκαιοι
941 4744 1022 4811 ὀροῖν.
