2670 5152
448 1567 844 1644 THESES.

139 1974 166 2040 I.
211 1973 464 2041 Rhetoricorum
488 1977 569 2043 liber
593 1979 645 2043 ΙΙΙ
675 1980 843 2045 Aristoteli
873 1977 1107 2044 abiudicsndus
1131 1987 1189 2044 est.

36 2294 41 2301 ⁵
123 2214 166 2278 ΙΙ.
214 2214 380 2301 Euripidis
410 2216 513 2303 lphig.
540 2218 648 2286 Auiid.
673 2244 718 2286 vs.
742 2220 806 2284 592
829 2219 896 2303 (ed.
921 2216 1113 2299 Kirnhhoff)
1144 2219 1191 2283 its

210 2328 430 2395 emendandus
453 2341 518 2396 est:

258 2443 336 2504 cent
350 2438 406 2523 γὀἱ
421 2443 585 2524 κρείσσους
608 2440 693 2507 ὥστ’
716 2442 896 2527 ὀλβοφόροι
914 2451 979 2517 τοῖς
999 2437 1058 2506 οὐκ
1080 2437 1188 2506 εὐδαί-

255 2571 332 2632 μοσι
355 2555 495 2620 θνατῶν.

566 2671 720 2680 ——-—-—-

101 2762 163 2830 ΠΙ.
208 2765 383 2852 Euripides
400 2767 554 2834 Herculis
575 2770 711 2835 furentis
727 2793 854 2836 versum
874 2770 956 2834 1205
979 2769 1025 2833 ita
1040 2769 1187 2854 scripsit:

255 2880 287 2941 τί
300 2900 356 2959 μοι
372 2882 533 2962 προσείων
555 2880 659 2964 χειρὶ
682 2884 847 2967 σημαίνεις
869 2879 1016 2965 φόβοις
1039 2878 1187 2967 ciThu-

256 2990 330 3075 cyd.
356 2990 412 3075 VI,
436 2994 486 3057 86.

99 3178 158 3244 IV.
204 3177 408 3263 Thucydidis
423 3180 494 3247 libr.
505 3182 551 3245 Vl
568 3206 638 3267 cap.
655 3184 697 3247 69
712 3191 845 3247 extrem.
869 3182 916 3248 sic
931 3179 1103 3267 legendnm
1120 3189 1187 3245 est:

255 3287 369 3355 ἔπειτα
392 3286 428 3355 δὲ
450 3289 485 3356 ἐν
507 3295 656 3378 παρέργῳ
679 3292 733 3356 καὶ
755 3291 836 3357 εἴτι
858 3290 941 3357 ἄλλο
962 3295 1187 3376 ξογκαιαστρε-

257 3405 417 3485 φαμένοις
434 3401 514 3488 ῥᾶον
530 3401 639 3479 αὐτοῖς
663 3402 845 3488 ὑπάρχον
867 3402 965 3469 ἔσται.
990 3404 1118 3485 etvll,
1134 3404 1185 3468 84.

121 3643 162 3708 V.
208 3643 315 3709 Taciti
344 3645 448 3712 annet.
479 3645 550 3714 libr.
571 3645 604 3710 il
627 3670 697 3732 cap.
718 3647 760 3711 33
787 3670 869 3732 quse
899 3645 1048 3730 leguntur
1071 3645 1185 3711 verba:

210 3755 309 3839 „Erat
331 3757 451 3842 quippe
475 3757 581 3822 adhuc
606 3757 758 3841 frequens
782 3756 998 3840 senatoribus,
1022 3755 1143 3840 siquid
1167 3780 1185 3821 e

206 3892 240 3934 re
260 3867 388 3954 publica
405 3879 585 3952 censerent,
605 3869 677 3935 loeo
697 3872 876 3935 sententiae
892 3872 1059 3955 promere“
1080 3893 1118 3935 ea
1134 3893 1184 3933 σα-

201 3984 268 4066 pitr‘
281 3984 458 4068 iensque-nti
471 3983 643 4048 tribuenda
665 3991 786 4067 etpost
808 3982 911 4065 „inter
926 4005 1009 4067 quae
1028 3981 1067 4046 L.
1087 3981 1183 4046 Piso“

206 4093 360 4180 ponenda
382 4106 466 4163 sunt.

99 4281 158 4348 v1.
203 4282 351 4349 Platonis
374 4282 501 4349 Philebi
524 4307 554 4371 p.
575 4284 666 4349 13ss
696 4284 779 4350 inter
801 4279 1062 4369 προςαιαγκάζοι.
1100 4292 1133 4349 et
1154 4282 1186 4346 τί

208 4375 269 4461 οὖν
290 4391 332 4483 δή
355 4394 477 4462 excidit
497 4394 617 4460 vocula
639 4390 691 4470 ὥς.

563 4571 715 4583 ..ι-.-
