2670 5152
563 574 779 639 ..56-

88 747 257 814 viantibus
278 745 454 812 moralibus
484 766 582 810 uuum
607 744 782 828 appetitum
811 741 884 807 aliis
910 741 1060 826 potiorem
1083 759 1153 808 esse
1170 740 1251 804 vidi·

88 875 169 939 mus,
183 876 223 920 ex
237 854 328 938 cujus
341 873 458 938 genere
475 853 573 918 ctiam
594 853 729 917 actionis
751 858 781 916 et
802 848 928 914 uirtutis
946 868 1048 934 genus
1067 848 1251 913 exoriatur1.

87 962 218 1030 dustitia
239 983 316 1028 vero
337 962 381 1026 ad
400 981 509 1028 omnes
529 962 614 1026 vitae
635 959 809 1025 eommunis
826 958 964 1023 rationes
986 957 1120 1041 pertinet
1144 957 1200 1041 (V,
1217 957 1250 1034 3)

90 1070 225 1152 ideoque
245 1091 309 1134 non
336 1089 376 1135 ex
406 1091 468 1135 unc
496 1069 638 1154 appetitu
661 1068 861 1152 praevalente
883 1065 1037 1149 originem
1060 1064 1161 1146 ducit,
1183 1061 1250 1146 sed,

87 1184 124 1248 ut
133 1185 291 1262 nascatur,
306 1198 416 1243 omnes
434 1177 668 1262 appetitus¹una
689 1176 814 1241 efficere
835 1175 959 1257 debent,
981 1195 1019 1239 ac
1037 1173 1088 1238 uis
1103 1172 1250 1257 justitiae

87 1286 122 1353 in
151 1305 189 1350 eo
217 1285 321 1369 posita
350 1294 411 1368 est,
431 1294 465 1350 ut
492 1284 619 1350 modum
646 1290 753 1349 teneat
776 1283 810 1347 in
836 1282 982 1347 omnibus
1003 1280 1250 1365 appetitionibus

88 1393 264 1475 eademque
283 1393 413 1459 ratione.
458 1393 561 1471 Quam
584 1392 773 1458 sententiam
792 1391 879 1456 hicce
909 1391 1012 1472 locus,
1034 1388 1186 1471 quiquid
1209 1389 1251 1452 sit

88 1499 171 1567 inter
182 1500 393 1565 universalem
405 1508 436 1565 et
457 1501 680 1585 particularem
691 1498 850 1584 justitiam
872 1497 1043 1563 discrimen
1063 1495 1163 1578 docet,
1178 1515 1250 1561 con-

87 1605 214 1673 firmare
240 1608 332 1672 nobis
353 1607 493 1690 videtum
514 1608 556 1692 V,
580 1611 600 1671 4
620 1608 679 1672 tin:
700 1601 799 1692 ἄμφω
820 1599 881 1691 γὰρ
905 1599 941 1669 ἐν
962 1606 1012 1690 τῷ
1032 1596 1117 1686 πρὸς
1137 1597 1250 1686 ἕτερον

86 1709 196 1799 ἔχουσι
208 1708 267 1799 τὴν
286 1707 426 1797 δύναμιν
435 1706 536 1800 ἀλλ’ἢ
550 1714 609 1797 μὲν
632 1711 689 1795 (ἐν,
701 1713 791 1799 μέρει
813 1706 929 1798 ἀρετῆς
951 1703 1154 1795 δικαιοσύνη)
1174 1710 1250 1795 περὶ

73 1813 216 1907 ’τιμὴνῆ
236 1813 382 1906 χρήματα
403 1816 423 1908 ἢ
445 1822 608 1907 σωτηρίαν
629 1813 648 1906 ἡ
668 1821 703 1887 δὲ
729 1811 824 1906 (ὅλη)
845 1820 920 1904 περὶ
937 1811 1070 1884 ἅπαντα
1090 1818 1165 1903 περὶ
1187 1808 1251 1883 ὅσα

87 1911 317 2006 ὅσπουδαῖος.

55 2122 66 2129 -
195 2037 269 2103 Jam
292 2057 366 2102 vero
387 2045 553 2121 postquam
586 2037 619 2100 in
647 2035 830 2100 universum
855 2035 942 2100 viam
967 2041 1062 2116 atque
1084 2032 1249 2116 rationem,

55 2188 57 2193 ·
84 2163 151 2229 qua
169 2144 442 2209 ususAristoteles
462 2144 639 2210 rhetoricen
656 2149 687 2208 at
709 2142 833 2209 ethioen
851 2140 1050 2224 dijudicavit,
1067 2140 1249 2223 pronuntia-

70 2249 203 2339 ‚vimuq
224 2251 267 2317 ad
286 2252 515 2336 comparandas
537 2252 733 2336 singularum
751 2250 906 2315 virtutum
926 2247 1125 2313 definitiones
1145 2254 1250 2312 trans-

55 2354 59 2361 '
87 2358 180 2444 gredi
209 2379 385 2442 possumus.
428 2360 555 2425 Omissa
583 2359 681 2441 igitur
703 2357 929 2423 mediocritatis
950 2356 1072 2421 ratione
1094 2376 1112 2420 e
1134 2355 1251 2437 quain

88 2465 189 2532 ethice
203 2465 370 2534 fortitudo
388 2467 536 2531 definitur
547 2457 769 2551 prodrqeluepl
781 2458 906 2546 φόβους
920 2463 973 2527 καὶ
995 2455 1119 2548 θάῤῥη,
1137 2463 1179 2527 ab
1189 2464 1250 2529 hac

55 2606 58 2611 ·
88 2572 194 2657 prima
206 2573 333 2654 quidem
352 2575 583 2639 rhetoricorum
593 2573 785 2639 definitionis
796 2592 870 2657 pars
887 2593 949 2638 non
960 2571 1053 2659 plane
1066 2572 1171 2636 aliena
1193 2577 1251 2656 est,

87 2677 152 2744 nisi
179 2679 263 2761 quod
284 2680 334 2744 hic
357 2682 462 2765 potius
483 2682 560 2763 qnid
583 2682 673 2747 sortis
694 2701 758 2745 non
780 2680 857 2762 quid
878 2679 1029 2745 fortitudo
1053 2679 1093 2743 sit
1115 2678 1177 2744 dici
1197 2701 1248 2746 ar-

88 2785 229 2871 bitraris,
251 2809 347 2870 quum
367 2790 535 2854 definiatur
556 2784 674 2874 a'udplu
685 2790 726 2854 δι’
747 2781 787 2874 ἣν
809 2788 984 2873 πρακτικοί
1002 2786 1083 2852 εἰσιν
1105 2789 1175 2852 τῶν
1194 2811 1250 2852 κα-

87 2897 159 2965 λῶν
181 2893 288 2981 ἔργων
309 2889 346 2961 ἐν
368 2909 438 2973 τοῖς
456 2889 634 2974 κινδύνοις.
677 2896 857 2961 Periculum
879 2896 963 2959 enirn
995 2902 1043 2960 est
1064 2896 1251 2961 terribilium

86 3022 192 3071 rerum
218 3006 483 3089 appropinquatio
517 3005 683 3087 (κίνδυνος
706 3005 851 3086 φοβεροῦ
873 2997 1075 3088 πληοιοομός
1096 3005 1185 3069 Rhet.
1208 3005 1250 3088 Π,

90 3110 122 3202 b.
136 3113 237 3194 1382,
258 3113 312 3185 331
336 3120 367 3177 et
389 3113 417 3176 is
442 3113 547 3195 magis
564 3112 655 3177 fortis
670 3112 842 3195 judicatur,
864 3113 917 3194 qui
940 3112 1099 3177 terribiles
1120 3131 1173 3177 res
1200 3131 1249 3176 su-

58 3206 215 3313 ·'stineat
239 3240 333 3301 quam
356 3222 410 3302 qui
430 3221 618 3285 temerarias
639 3221 772 3304 effrrgiat
792 3221 876 3305 (Eth.
891 3221 949 3285 III.
964 3221 1105 3295 trinit).
1150 3221 1249 3286 bletu-

87 3344 143 3395 ere
173 3328 310 3392 solemus
338 3349 542 3411 quascunque
565 3350 616 3394 res
637 3329 809 3394 adversas:
826 3329 882 3393 sed
906 3348 1007 3409 neque
1029 3336 1248 3413 paupertatem

84 3451 189 3516 neque
221 3436 365 3499 morbum
393 3457 495 3518 neque
522 3437 620 3501 ullum
653 3437 771 3500 malum
800 3436 884 3518 quod
911 3457 950 3501 ex
973 3436 1165 3521 turpitudine
1187 3458 1250 3503 non

55 3624 58 3631 Ι
85 3541 247 3605 exoriatur
261 3551 401 3608 metuere
418 3564 475 3608 nos
495 3543 585 3608 decet
603 3545 672 3627 (III,
697 3547 725 3608 9.
743 3547 835 3626 1115,
859 3548 896 3608 17
921 3558 991 3625 sq).
1035 3543 1072 3609 ld
1093 3544 1177 3626 quod
1196 3545 1249 3610 de-

84 3652 157 3715 cca
178 3647 278 3712 ethice
300 3648 399 3732 docet,
422 3651 574 3715 rhetorice
594 3652 755 3716 hominum
777 3673 872 3733 quam
895 3651 974 3715 inire
998 3652 1098 3715 solent
1119 3650 1249 3717 vivendi

66 3753 241 3819 'rationem
263 3756 432 3840 patefacit,
455 3758 487 3821 in
510 3779 573 3840 qua
596 3760 746 3824 minimus
769 3759 856 3824 dolor
878 3780 915 3823 ac
938 3766 1040 3823 metus
1062 3760 1186 3844 capitur
1207 3780 1248 3825 ex

55 3945 57 3948 Ι
84 3852 149 3927 illis
160 3861 239 3945 ipsis
260 3865 409 3928 maximis
431 3866 533 3945 malis,
550 3867 647 3931 veluti
668 3887 707 3931 ex
730 3867 887 3950 injustitia
909 3867 1097 3949 omninoque
1116 3868 1247 3952 turpitu-

84 3964 160 4057 dine
176 3968 280 4052 (Rhet,
308 3971 470 4052 1151111.
495 3974 536 4056 ΙΙ,
560 3976 579 4036 4
606 3975 697 4057 1382,
721 3977 763 4052 9).
807 3975 856 4038 Ea
879 3993 954 4038 vero
972 3994 1054 4056 quae
1076 3976 1247 4043 metuenda

56 4092 59 4097 ·
84 4070 159 4139 sunt
176 4075 256 4140 sieut
282 4077 349 4160 lpse
371 4087 473 4144 metus
495 4083 627 4146 molesta
651 4089 731 4164 sunt,
752 4082 952 4163 maximeque
978 4083 1000 4147 ii
1023 4084 1076 4165 qui
1098 4085 1248 4151 molestas

84 4200 137 4248 res
154 4184 325 4267 sustinent,
356 4195 389 4250 ut
419 4187 565 4253 honestos
586 4190 673 4255 viros
695 4190 800 4272 decet,
831 4190 929 4255 fortes
951 4200 1112 4257 vocantur.
1139 4193 1246 4271 Quare

85 4287 156 4374 ipsa
172 4289 321 4356 fortitudo
341 4293 448 4360 dolore
473 4317 534 4361 non
556 4305 658 4380 vacat,
681 4318 777 4379 quum
801 4298 932 4381 majoris
954 4301 1072 4384 negotii
1096 4301 1155 4385 sit,
1180 4323 1245 4367 mc-

86 4396 183 4462 lestas
209 4401 362 4464 sustinere
394 4423 487 4483 (quam
507 4426 526 4469 a
550 4405 642 4469 rebus
660 4405 811 4488 jucundis
843 4407 1018 4491 abstinere,
1051 4429 1245 4492 quamquam

187 4564 278 4617 ⁶Etlr.
297 4567 337 4634 11,
356 4570 373 4619 2
392 4565 441 4622 liu:
469 4563 509 4622 ὅτι
529 4567 578 4637 μὲν
600 4563 652 4623 οὖν
679 4568 752 4624 ἐστὶν
774 4567 791 4640 ἡ
817 4568 900 4641 ἀρετὴ
926 4571 989 4636 περὶ
1011 4567 1115 4639 ἡδονὰς
1133 4574 1181 4629 acl
1199 4571 1244 4630 td-

85 4646 459 4723 ιας,ιια1ὅιιὲξῶνγίνεται.
477 4656 533 4712 ὑπὸ
545 4660 650 4714 τούτων
664 4663 709 4749 κρῖ
729 4659 841 4729 αὔξεται
860 4661 1079 4733 celebriorem,
1097 4662 1134 4733 μὴ
1155 4661 1244 4719 ὦσαν-

85 4758 141 4807 Wt
158 4743 315 4818 Ὶιθῦρένων,
333 4745 380 4802 καὶ
398 4742 441 4803 ὅτι
459 4744 490 4818 ἐξ
506 4740 545 4805 ὢν
567 4748 684 4822 ἐγένετο,
701 4754 767 4821 utel
781 4756 877 4807 cubuc.
891 4752 943 4804 aul
958 4750 1074 4819 incoqui„
1086 4750 1222 4817 ulqhsbm.
