2670 5152
675 38 719 101 33

590 129 799 143 ————----

163 224 250 277 ixisset
285 220 372 293 atque
403 214 499 273 omnia
528 221 556 271 ct
588 220 690 275 celcris
720 220 749 276 iu
780 218 865 277 rchus
895 220 1017 298 puhlicis
1042 223 1222 304 Athenisque

162 370 297 427 purecrpu
323 349 516 420 ire'thhmcl,
544 369 646 425 magun
671 372 708 408 ex
730 372 781 429 spe
802 353 947 429 dejectus,
974 356 1033 431 jour
1053 356 1083 412 id
1105 377 1220 433 persua·

160 502 224 537 auru
250 481 355 538 hahere
380 482 476 557 coepit
504 502 618 558 „genus
648 481 806 541 humanum
827 502 888 541 non
908 486 989 562 prius
1009 484 1169 544 desiturum
1189 489 1220 547 in

161 613 241 670 ruatis
267 613 389 685 versari,
414 631 502 689 quam
526 617 577 669 out
600 611 733 672 homines
758 620 839 674 recte
862 633 991 694 vereque
1013 567 1219 696 philosophan-

159 750 203 802 tes
223 743 503 822 rerumpublicarum
523 743 763 824 gubernationem
782 747 882 828 adepti
902 753 1001 816 essent
1019 753 1071 806 aut
1093 745 1139 822 hi,
1168 750 1220 828 qui

157 873 334 954 gubernant,
360 875 458 935 divina
478 876 605 956 quadam
628 882 708 938 sorto
727 876 1013 958 philosopharentur.
1051 875 1096 938 Ea
1120 885 1219 940 ments

157 1006 272 1068 ltaliam
295 1005 484 1088 Siciliamque
507 1009 665 1088 adivit‘).“
713 1007 819 1070 Postea
843 1029 861 1071 a
884 1008 984 1071 Dione
1007 1010 1160 1086 invitatam,
1184 1017 1219 1071 ut

157 1139 371 1201 adolescentem
389 1137 568 1220 Dionysium
587 1158 657 1201 vera
675 1142 786 1201 virtute
805 1146 836 1200 et
854 1140 1040 1220 philosophia
1065 1141 1217 1218 imbueret,
1245 1180 1248 1186 -

157 1292 232 1332 vana
254 1294 319 1354 spe,
343 1292 431 1353 quam
450 1270 510 1332 Dio
530 1271 660 1347 fovebat,
684 1273 747 1352 ipse
766 1272 869 1346 elatus
888 1270 965 1346 sore,
990 1272 1106 1332 utrina
1127 1273 1215 1333 caede

157 1425 256 1466 veram
274 1407 394 1466 vivendi
413 1407 557 1467 rationem
575 1424 611 1467 ae
629 1403 744 1466 beatam
768 1405 860 1465 vitam
884 1404 916 1465 in
942 1404 1079 1464 universa
1101 1402 1151 1463 illa
1170 1423 1213 1464 re-

155 1539 241 1618 gione
265 1540 468 1612 constitueret,
496 1537 548 1599 uhi
566 1539 674 1600 iterum
694 1539 727 1598 in
746 1536 877 1599 Siciliam
897 1538 992 1612 venit,
1019 1537 1057 1597 de
1072 1557 1104 1599 so
1123 1538 1214 1618 magis

154 1678 186 1733 et
205 1672 242 1733 dc
254 1671 439 1754 philosophia
453 1692 506 1732 sua
519 1671 636 1734 videhrr
646 1690 734 1751 quam
749 1671 787 1731 de
800 1668 948 1750 Dionysio
964 1671 1114 1751 cogitasse,
1134 1670 1214 1750 quod

155 1805 293 1885 conjicias
309 1824 347 1864 cx
362 1805 411 1864 illa
424 1802 655 1910 adPionyrium
668 1803 850 1886 epistola⁸⁸):
870 1800 1024 1881 „Quando
1038 1804 1069 1862 in
1083 1784 1215 1863 Siciliam

155 1936 400 2010 venitmaerat,
419 1955 466 1996 me
476 1935 654 2016 permultum
664 1935 810 2009 intereos,
830 1934 1213 2015 quituncphilosophahan-

155 2076 217 2142 hu,
246 2067 401 2140 excellere,
431 2065 583 2148 cupiebam
607 2066 713 2141 etim,
748 2086 840 2147 quum
870 2064 1031 2146 Syramrsas
1059 2067 1213 2142 venissem,

155 2201 301 2279 opinionis
321 2198 398 2256 illius
417 2203 523 2256 testem
542 2204 571 2258 tc
591 2196 712 2270 hahere,
737 2205 772 2258 ut
791 2200 879 2258 stiam
898 2199 976 2278 apud
996 2197 1213 2259 multitudinem

156 2333 187 2388 in
206 2330 317 2388 honore
337 2327 409 2386 mihi
427 2327 612 2408 philosophia
630 2333 733 2388 esset.“
771 2327 811 2387 Et
833 2328 978 2408 principio
1003 2330 1122 2408 quidem
1140 2327 1212 2389 Dio·

156 2462 257 2542 nysius
277 2461 316 2520 ad
331 2459 451 2528 ¹laudem
470 2465 501 2521 et
519 2462 752 2522 aestimationem
770 2459 901 2520 Platonis
924 2459 1072 2540 adspirare
1095 2458 1212 2521 videba-

156 2600 214 2667 tur,
233 2594 289 2666 etsi
307 2592 522 2676 philosophiam
541 2615 603 2655 non
612 2615 790 2677 magnopere
800 2592 932 2668 errabat,
951 2612 1023 2652 mox
1036 2591 1163 2672 suspicio
1173 2590 1212 2653 oh

155 2727 348 2789 taruiliaritem
358 2728 422 2807 ejus
432 2747 500 2788 enm
509 2726 607 2790 Dione
617 2728 787 2809 praevaluit.
812 2725 915 2807 ltaque
930 2727 961 2785 in
975 2725 1025 2786 illa
1034 2723 1164 2784 Platonis
1174 2724 1212 2785 ad

155 2858 309 2918 mundares
329 2859 466 2937 epistola:
485 2857 570 2940 „Ego
590 2861 688 2919 omnia
706 2860 824 2939 pertuli,
844 2859 958 2938 legitur,
977 2859 1010 2918 in
1029 2860 1130 2921 eadem
1148 2878 1211 2920 sen·

95 2990 105 3005 '
154 2991 248 3050 tentia
267 3009 468 3069 perseverans,
492 3010 551 3070 qua
575 2988 612 3050 ab
631 2989 716 3052 initio
740 2988 889 3072 protectus
912 3007 1005 3049 eram:
1030 2994 1162 3063 tentam,
1185 2990 1212 3048 si

155 3142 215 3201 quo
239 3128 326 3201 pacto
350 3121 416 3183 lieri
439 3128 551 3205 posset,
574 3123 664 3182 utin
688 3118 876 3203 cupiditatem
894 3121 974 3182 vitae
994 3081 1211 3202 philosophicae

154 3254 328 3334 perveniret,
348 3261 379 3314 at
398 3255 448 3318 ille
467 3262 570 3317 contra
588 3255 685 3315 nitens
704 3273 752 3316 me
771 3252 922 3331 vicitmss
949 3251 1149 3332 Tandcmjam
1167 3254 1210 3314 in·

226 3422 250 3490 ‘l
270 3417 389 3479 Platonis
397 3423 474 3500 epist
492 3420 555 3479 vu.
574 3442 602 3500 p.
619 3422 682 3477 ³26.
701 3441 725 3479 a.
750 3417 894 3496 Epistolas,
907 3439 973 3498 quse
982 3419 1098 3479 Platonis
1106 3420 1211 3476 nomine

155 3514 286 3588 teruntur,
314 3519 476 3576 auctoritatis
492 3518 574 3576 instar
591 3517 714 3587 admitto,
737 3536 832 3596 qnam
854 3520 904 3577 etsi
921 3537 975 3575 non
991 3537 1067 3576 verae
1084 3519 1150 3587 sint,
1172 3525 1210 3573 ta-

154 3633 215 3672 men
232 3635 291 3672 cnm
308 3615 387 3673 rehns
403 3626 431 3672 et
447 3617 568 3690 personis
587 3623 647 3692 apte
665 3614 828 3673 conveniant.

212 3712 256 3781 ⁶⁰),
269 3711 320 3786 ltp.
331 3712 364 3769 ll.
381 3735 409 3787 p.
427 3714 490 3771 311.
508 3733 533 3771 e.

189 3809 251 3880 m)
269 3808 355 3886 Epist.
364 3807 423 3867 Vll.
442 3831 468 3884 p.
486 3809 548 3867 3³0.
568 3808 595 3873 h.

153 3988 175 4040 0
