2670 5152
602 886 655 958 44

84 1074 206 1141 dixisse
222 1070 431 1139 Aristotelem
450 1078 553 1156 putat,
577 1091 636 1135 neo
658 1068 738 1136 satis
755 1074 850 1134 naute
870 1068 990 1136 senisse
1004 1068 1095 1157 qnod
1115 1090 1174 1137 na·

84 1185 202 1274 gleotis
223 1183 376 1253 similium
399 1179 628 1268 repetitionum
650 1202 733 1266 quae
757 1178 809 1245 hic
831 1178 901 1248 illio
915 1180 1005 1269 apud
1026 1190 1176 1249 nostrum

87 1298 265 1365 oe'onmunt
287 1294 434 1381 vestigiis
462 1302 583 1359 oertam
612 1291 729 1378 eapitis
758 1302 886 1379 partem
907 1292 1090 1361 Aristotele
1109 1314 1176 1361 non

87 1410 253 1497 indignam
269 1404 496 1493 interpolatori
512 1405 678 1491 assignare
694 1425 792 1492 posse
807 1403 974 1474 sitiriano
989 1416 1052 1475 ost.
1074 1426 1177 1493 quaro

87 1542 153 1587 non
175 1520 374 1588 reticendam
398 1540 470 1585 ease
491 1538 595 1583 meam
611 1516 799 1604 opinionem
814 1518 937 1603 censui,
959 1516 1017 1585 nbi
1030 1516 1178 1587 Noenlii

84 1633 338 1720 disputationem
368 1629 516 1716 cognovi.
568 1628 644 1694 lruie.
673 1650 763 1695 meae
792 1630 971 1697 sententiae
1000 1628 1176 1699 nontime-

85 1745 207 1812 tionem
237 1743 324 1809 haud
358 1742 508 1828 exiguam
541 1739 657 1806 afferre
690 1740 825 1807 aliorum
859 1739 997 1809 duorum
1029 1740 1179 1809 looornnr

90 1856 227 1923 similem
257 1854 415 1923 medelam
446 1851 659 1940 flagitantium
688 1852 882 1920 tractatione
903 1852 938 1919 in
959 1852 1106 1921 animum
1125 1852 1178 1919 in·

87 1971 254 2037 duxeram.
299 1968 358 2036 sed
381 1965 536 2053 temporis
560 1965 718 2052 angustiis
739 1965 806 2033 iam
827 1966 926 2034 linem
947 1966 1057 2035 faeere
1077 1962 1177 2033 lanino

85 2081 341 2170 scriptiunoulae
364 2092 499 2146 coaetus
521 2076 562 2143 de
586 2077 636 2143 lris
659 2076 912 2165 disputationem
935 2100 1022 2145 nuno
1043 2074 1178 2165 quidem

87 2195 237 2260 omittere
260 2216 298 2258 ao
321 2191 450 2257 differre
473 2189 505 2252 in
529 2188 617 2254 allud
639 2199 767 2276 tempus
789 2188 867 2255 mihi
890 2188 1003 2259 lineata
1032 2188 1179 2257 sufficiat

86 2317 120 2372 et
142 2304 342 2390 significasse
366 2301 467 2366 loeos.
490 2337 532 2347 -
554 2310 632 2366 stunt
654 2312 759 2368 autem
782 2302 832 2367 hi:
861 2300 917 2370 lib.
933 2300 1019 2386 vn,
1047 2300 1177 2389 oapd,

85 2442 115 2504 p.
135 2417 218 2481 1146
240 2414 318 2479 bae
342 2435 443 2497 usque
467 2411 508 2475 ad
532 2435 564 2497 p.
584 2414 664 2478 1147
689 2413 709 2478 b
734 2415 772 2479 19
795 2424 828 2480 et
851 2414 906 2481 lib.
923 2414 1018 2497 vm,
1041 2436 1114 2499 oap.
1133 2414 1173 2477 15

84 2527 243 2616 usquead
261 2524 315 2590 lib.
328 2523 390 2607 lx,
409 2546 478 2609 oap.
495 2525 522 2604 l,
538 2548 568 2609 p.
586 2525 661 2590 1161
680 2526 753 2590 soe
770 2550 872 2612 usque
891 2526 981 2613 adp.
998 2527 1081 2593 1164
1096 2524 1169 2591 bd!

87 2683 130 2694 -
153 2651 186 2708 et
209 2635 396 2725 speciminis
418 2635 520 2699 instar
541 2636 661 2722 prioris
683 2660 793 2702 eorum
817 2637 915 2703 verba
935 2637 1097 2723 quaedam
1119 2662 1176 2705 ex·

89 2754 232 2823 scribere
251 2760 345 2832 atque
359 2745 541 2813 emendare.
566 2747 717 2833 leguntur
733 2748 817 2813 enim
832 2772 864 2834 p.
876 2748 958 2820 1146
970 2747 991 2813 b
1003 2750 1047 2814 24
1060 2748 1178 2817 haece:

133 2868 211 2946 περὶ
232 2857 294 2944 μὲν
317 2840 377 2923 orio
398 2859 457 2921 τοῦ
480 2854 577 2935 δόξαν
599 2853 714 2946 άληδή
732 2855 816 2925 ‹il-ld
830 2857 876 2948 μή
893 2856 1079 2947 ἐπιστήμην
1093 2847 1177 2927 εἶναι

131 2971 209 3059 πάρ’
237 2969 279 3060 ἣν
300 2967 543 3053 άκρατεόονται,
567 2965 672 3035 οὐδὲν
700 2971 849 3055 διαφέρει
878 2969 960 3055 πρὸς
982 2970 1041 3038 τόν
1062 2970 1177 3055 λόγον·

128 3088 211 3157 ἔνιοι
238 3085 297 3167 γάρ
324 3085 389 3148 τάν
418 3081 617 3162 δοξαζόντων
645 3077 684 3146 οὐ
707 3080 922 3164 διοιάζοοσιν,
949 3078 1022 3147 ἀλλ’
1051 3081 1177 3150 οἴονται

130 3197 267 3288 ἀκριβῶς
289 3196 416 3263 εἰδέναι.
451 3195 480 3261 εἰ
502 3177 562 3259 odo
585 3190 638 3257 διά
660 3193 697 3258 τό
720 3189 825 3280 ήρέμο
847 3192 1014 3260 πιστεύειν
1035 3196 1067 3259 ol
1084 3195 1176 3273 δοξά-

132 3318 239 3393 ζοντες
271 3307 401 3391 μᾶλλον
432 3309 498 3372 τόν
531 3302 755 3386 ἐπισταμένων
788 3305 877 3389 παρά
910 3303 971 3394 τήν
1002 3302 1179 3395 ὑπόληψιν

131 3421 321 3509 πράξουσιν,
347 3414 454 3484 οὐδὲν
475 3418 588 3483 διοίσει
610 3415 772 3506 ἐπιστήμη
797 3417 907 3507 δόξης·
935 3414 1018 3484 ἔνιοι
1039 3417 1100 3503 γάρ
1123 3442 1177 3484 πι-

130 3532 299 3601 στεύουσιν
321 3526 416 3597 οὐδὲν
444 3517 543 3616 ήττον
570 3519 617 3606 οἷς
644 3529 831 3610 δοξάζουσιν
852 3529 876 3617 ή
903 3528 1008 3617 ἕτεροι
1029 3521 1077 3607 oie
1098 3527 1176 3598 tut-

130 3668 270 3715 στανται.

87 3761 235 3849 quaestio
257 3770 317 3841 est,
340 3770 449 3825 utrum
471 3766 587 3826 contra
608 3758 711 3844 ipsam
728 3758 897 3824 scientium
912 3755 1080 3824 immodici
1095 3780 1174 3844 peo-

86 3886 160 3942 oent
188 3896 229 3938 an
264 3880 377 3938 eontra
411 3869 606 3956 opinionem.
658 3889 755 3955 quam
789 3868 869 3933 nihil
901 3867 1008 3935 facere
1036 3868 1078 3935 ad
1106 3892 1175 3936 rem

86 3983 282 4051 Aristoteles
310 3981 449 4067 indicat,
479 3982 629 4068 quoniam
659 3981 847 4069 opinionem
872 3980 1036 4048 interdum
1059 3980 1173 4049 eadem

88 4095 264 4183 pertinacia
278 4105 376 4180 atque
391 4093 559 4160 scientiam
572 4092 784 4161 defendamus
800 4106 833 4161 et
847 4094 1060 4161 obtineamus.
1077 4117 1175 4181 quom

87 4208 317 4274 sententiarum
341 4229 458 4272 nexum
482 4205 546 4270 duo
564 4205 663 4271 verba
685 4217 795 4293 aperte
818 4207 1017 4293 perturbant.
1053 4207 1174 4274 etenim

88 4314 194 4384 midde
216 4320 329 4383 διοίσει
352 4314 514 4404 ἐπιστήμη
542 4315 636 4404 δόξης
664 4341 797 4405 prorsus
819 4330 895 4385 sunt
917 4319 1022 4383 aliena
1044 4319 1086 4384 ab
1109 4320 1175 4386 hoe

88 4431 179 4513 loco,
207 4454 296 4512 curn,
325 4432 351 4496 si
376 4429 506 4516 quidem
530 4430 560 4495 oi
582 4428 766 4508 δοξάζοντες
794 4432 919 4498 ssoilius
943 4431 1097 4499 mollitiae
1124 4434 1174 4500 in·

88 4541 233 4628 dulgent,
257 4542 386 4609 differre
405 4540 588 4630 ἐπιστήμην
602 4539 696 4630 δόξης
711 4543 884 4610 dicendum
904 4555 984 4612 erat.
1017 4544 1075 4611 sed
1095 4544 1174 4610 nihil
